<collection xmlns="http://www.loc.gov/MARC21/slim">
<record>
  <leader>05880nam0a22008891i 450 </leader>
  <controlfield tag="001">IT\ICCU\CNCE\033017</controlfield>
  <controlfield tag="005">20181114000000.0</controlfield>
  <datafield tag="012" ind1=" " ind2=" ">
    <subfield code="a">cui* etio uior mefa (3) 1549 (A)</subfield>
    <subfield code="2">fei</subfield>
    <subfield code="9">1</subfield>
  </datafield>
  <datafield tag="012" ind1=" " ind2=" ">
    <subfield code="a">r.is u-a. emi- cali (3) 1549 (A)</subfield>
    <subfield code="2">fei</subfield>
    <subfield code="9">2</subfield>
  </datafield>
  <datafield tag="100" ind1=" " ind2=" ">
    <subfield code="a">19971216d1549        0itac0103    ba</subfield>
  </datafield>
  <datafield tag="101" ind1=" " ind2=" ">
    <subfield code="a">LAT</subfield>
  </datafield>
  <datafield tag="102" ind1=" " ind2=" ">
    <subfield code="a">IT</subfield>
  </datafield>
  <datafield tag="200" ind1="1" ind2=" ">
    <subfield code="a">℗Vincentii Lirinensis Galli, ℗Pro catholicae fidei veritate et antiquitate, aduersus prophanas omnium haereseon nouationes libellus, iam primum editus. Determinatio facultatis theologiae in schola Parisiensi super quamplurimis assertionibus d. Erasmi Roterodami</subfield>
  </datafield>
  <datafield tag="210" ind1=" " ind2=" ">
    <subfield code="a">Venetijs</subfield>
    <subfield code="c">ad signum Spei</subfield>
    <subfield code="d">1549</subfield>
  </datafield>
  <datafield tag="215" ind1=" " ind2=" ">
    <subfield code="a">2 pt.</subfield>
    <subfield code="d">8ʻ</subfield>
  </datafield>
  <datafield tag="300" ind1=" " ind2=" ">
    <subfield code="a">2: Determinatio facultatis theologiae in schola ...</subfield>
  </datafield>
  <datafield tag="620" ind1=" " ind2=" ">
    <subfield code="a">IT</subfield>
    <subfield code="d">Venezia</subfield>
  </datafield>
  <datafield tag="700" ind1=" " ind2="0">
    <subfield code="a">Vincentius</subfield>
    <subfield code="c"> : Lerinensis</subfield>
    <subfield code="c"> &lt;santo&gt;</subfield>
    <subfield code="3">IT\ICCU\CNCA\009606</subfield>
  </datafield>
  <datafield tag="702" ind1=" " ind2="0">
    <subfield code="a">Erasmus</subfield>
    <subfield code="c"> : Roterodamus</subfield>
    <subfield code="3">IT\ICCU\CNCA\000155</subfield>
  </datafield>
  <datafield tag="712" ind1="0" ind2="2">
    <subfield code="a">℗al segno della ℗Speranza</subfield>
    <subfield code="3">IT\ICCU\CNCT\000116</subfield>
    <subfield code="4">650</subfield>
  </datafield>
  <datafield tag="790" ind1=" " ind2="0">
    <subfield code="a">Vincentius</subfield>
    <subfield code="c"> : Lirinensis</subfield>
    <subfield code="c"> &lt;santo&gt;</subfield>
    <subfield code="3">IT\ICCU\CNCA\009848</subfield>
    <subfield code="z">Vincentius : Lerinensis &lt;santo&gt;</subfield>
  </datafield>
  <datafield tag="790" ind1=" " ind2="0">
    <subfield code="a">Vincenzo</subfield>
    <subfield code="c"> : di#Lřins</subfield>
    <subfield code="c"> &lt;santo&gt;</subfield>
    <subfield code="3">IT\ICCU\CNCA\017223</subfield>
    <subfield code="z">Vincentius : Lerinensis &lt;santo&gt;</subfield>
  </datafield>
  <datafield tag="790" ind1=" " ind2="1">
    <subfield code="a">Geertszoom,</subfield>
    <subfield code="b">Erazm</subfield>
    <subfield code="3">IT\ICCU\CNCA\014087</subfield>
    <subfield code="z">Erasmus : Roterodamus</subfield>
  </datafield>
  <datafield tag="790" ind1=" " ind2="0">
    <subfield code="a">Erasmo</subfield>
    <subfield code="c"> : da#Rotterdam</subfield>
    <subfield code="3">IT\ICCU\CNCA\014177</subfield>
    <subfield code="z">Erasmus : Roterodamus</subfield>
  </datafield>
  <datafield tag="790" ind1=" " ind2="1">
    <subfield code="a">Erasmus,</subfield>
    <subfield code="b">Desiderius</subfield>
    <subfield code="3">IT\ICCU\CNCA\014178</subfield>
    <subfield code="z">Erasmus : Roterodamus</subfield>
  </datafield>
  <datafield tag="790" ind1=" " ind2="1">
    <subfield code="a">Geertsz,</subfield>
    <subfield code="b">Geert</subfield>
    <subfield code="3">IT\ICCU\CNCA\017421</subfield>
    <subfield code="z">Erasmus : Roterodamus</subfield>
  </datafield>
  <datafield tag="790" ind1=" " ind2="0">
    <subfield code="a">Erasmus Desiderius</subfield>
    <subfield code="c"> : Roterodamus</subfield>
    <subfield code="3">IT\ICCU\CNCA\018661</subfield>
    <subfield code="z">Erasmus : Roterodamus</subfield>
  </datafield>
  <datafield tag="790" ind1=" " ind2="0">
    <subfield code="a">Erasmus</subfield>
    <subfield code="3">IT\ICCU\CNCA\023311</subfield>
    <subfield code="z">Erasmus : Roterodamus</subfield>
  </datafield>
  <datafield tag="790" ind1=" " ind2="0">
    <subfield code="a">Desiderius Erasmus</subfield>
    <subfield code="c"> : Roterodamus</subfield>
    <subfield code="3">IT\ICCU\CNCA\023312</subfield>
    <subfield code="z">Erasmus : Roterodamus</subfield>
  </datafield>
  <datafield tag="790" ind1=" " ind2="0">
    <subfield code="a">Erasmo</subfield>
    <subfield code="c"> : da#Rotorodamo</subfield>
    <subfield code="3">IT\ICCU\CNCA\023313</subfield>
    <subfield code="z">Erasmus : Roterodamus</subfield>
  </datafield>
  <datafield tag="791" ind1="0" ind2="2">
    <subfield code="a">℗ad signum ℗Spei</subfield>
    <subfield code="3">IT\ICCU\CNCT\002890</subfield>
    <subfield code="z">℗al segno della ℗Speranza</subfield>
  </datafield>
  <datafield tag="801" ind1=" " ind2="3">
    <subfield code="a">IT</subfield>
    <subfield code="b">ICCU</subfield>
    <subfield code="c">20201114</subfield>
  </datafield>
  <datafield tag="899" ind1=" " ind2=" ">
    <subfield code="a">Biblioteca estera - Biblioteca Universidad Complutense de Madrid. Madrid</subfield>
    <subfield code="1">AA0002</subfield>
  </datafield>
  <datafield tag="899" ind1=" " ind2=" ">
    <subfield code="a">Biblioteca comunale Giuseppe Tanfani. Ostra Vetere</subfield>
    <subfield code="1">AN0061</subfield>
    <subfield code="2">URB OV</subfield>
  </datafield>
  <datafield tag="899" ind1=" " ind2=" ">
    <subfield code="a">Biblioteca civica Romolo Spezioli. Fermo</subfield>
    <subfield code="1">AP0012</subfield>
    <subfield code="2">UMC FM</subfield>
  </datafield>
  <datafield tag="899" ind1=" " ind2=" ">
    <subfield code="a">Biblioteca dell&apos;Accademia Petrarca di lettere, arti e scienze. Arezzo</subfield>
    <subfield code="1">AR0010</subfield>
    <subfield code="2">RT1 QP</subfield>
  </datafield>
  <datafield tag="899" ind1=" " ind2=" ">
    <subfield code="a">Biblioteca del Seminario vescovile. Asti</subfield>
    <subfield code="1">AT0005</subfield>
    <subfield code="2">TO0 45</subfield>
  </datafield>
  <datafield tag="899" ind1=" " ind2=" ">
    <subfield code="a">Biblioteca civica A. Mai. Bergamo</subfield>
    <subfield code="z">MUTILO</subfield>
    <subfield code="1">BG0026</subfield>
    <subfield code="2">LO1 02</subfield>
  </datafield>
  <datafield tag="899" ind1=" " ind2=" ">
    <subfield code="a">Biblioteca comunale dell&apos;Archiginnasio. Bologna</subfield>
    <subfield code="1">BO0304</subfield>
    <subfield code="2">UBO GA</subfield>
  </datafield>
  <datafield tag="899" ind1=" " ind2=" ">
    <subfield code="a">Biblioteca del Seminario vescovile. Como</subfield>
    <subfield code="1">CO0213</subfield>
    <subfield code="2">PBE 18</subfield>
  </datafield>
  <datafield tag="899" ind1=" " ind2=" ">
    <subfield code="a">Biblioteca Apostolica Vaticana. Citt ̉del Vaticano</subfield>
    <subfield code="1">EX0001</subfield>
    <subfield code="2">ZCV 01</subfield>
  </datafield>
  <datafield tag="899" ind1=" " ind2=" ">
    <subfield code="a">Biblioteca comunale Malatestiana. Cesena</subfield>
    <subfield code="z">MUTILO</subfield>
    <subfield code="1">FC0011</subfield>
    <subfield code="2">RAV CS</subfield>
  </datafield>
  <datafield tag="899" ind1=" " ind2=" ">
    <subfield code="a">Biblioteca comunale Aurelio Saffi. Forl</subfield>
    <subfield code="z">MUTILO</subfield>
    <subfield code="1">FC0018</subfield>
    <subfield code="2">RAV FO</subfield>
  </datafield>
  <datafield tag="899" ind1=" " ind2=" ">
    <subfield code="a">Biblioteca Marucelliana. Firenze</subfield>
    <subfield code="1">FI0101</subfield>
    <subfield code="2">CFI MF</subfield>
  </datafield>
  <datafield tag="899" ind1=" " ind2=" ">
    <subfield code="a">Biblioteca universitaria. Genova</subfield>
    <subfield code="1">GE0038</subfield>
    <subfield code="2">LIG 01</subfield>
  </datafield>
  <datafield tag="899" ind1=" " ind2=" ">
    <subfield code="a">Biblioteca civica Aprosiana. Ventimiglia</subfield>
    <subfield code="1">IM0038</subfield>
    <subfield code="2">LI3 VM</subfield>
  </datafield>
  <datafield tag="899" ind1=" " ind2=" ">
    <subfield code="a">Biblioteca comunale Pietro Siciliani. Galatina</subfield>
    <subfield code="1">LE0209</subfield>
    <subfield code="2">LEK SF</subfield>
  </datafield>
  <datafield tag="899" ind1=" " ind2=" ">
    <subfield code="a">Biblioteca provinciale dei frati minori cappuccini Madonna di Pompei. Messina</subfield>
    <subfield code="1">ME0179</subfield>
    <subfield code="2">MES FC</subfield>
  </datafield>
  <datafield tag="899" ind1=" " ind2=" ">
    <subfield code="a">Biblioteca nazionale Braidense. Milano</subfield>
    <subfield code="z">MUTILO</subfield>
    <subfield code="1">MI0185</subfield>
    <subfield code="2">MIL NB</subfield>
  </datafield>
  <datafield tag="899" ind1=" " ind2=" ">
    <subfield code="a">Biblioteca dell&apos;Istituto Leone XIII. Milano</subfield>
    <subfield code="1">MI0307</subfield>
    <subfield code="2">LO1 32</subfield>
  </datafield>
  <datafield tag="899" ind1=" " ind2=" ">
    <subfield code="a">Biblioteca Estense Universitaria. Modena</subfield>
    <subfield code="1">MO0089</subfield>
    <subfield code="2">MOD BE</subfield>
  </datafield>
  <datafield tag="899" ind1=" " ind2=" ">
    <subfield code="a">Biblioteca del Seminario Vescovile della Facolt ̉Teologica del Triveneto dell&apos;Istituto Filosofico Aloisianum. Padova</subfield>
    <subfield code="1">PD0073</subfield>
    <subfield code="2">PUV 01</subfield>
  </datafield>
  <datafield tag="899" ind1=" " ind2=" ">
    <subfield code="a">Biblioteca comunale Francesco Melosio. Citt ̉della Pieve</subfield>
    <subfield code="z">MUTILO</subfield>
    <subfield code="1">PG0031</subfield>
    <subfield code="2">UM1 14</subfield>
  </datafield>
  <datafield tag="899" ind1=" " ind2=" ">
    <subfield code="a">Biblioteca comunale Sperelliana. Gubbio</subfield>
    <subfield code="1">PG0049</subfield>
    <subfield code="2">UM1 11</subfield>
  </datafield>
  <datafield tag="899" ind1=" " ind2=" ">
    <subfield code="a">Biblioteca comunale Augusta. Perugia</subfield>
    <subfield code="1">PG0109</subfield>
    <subfield code="2">UM1 01</subfield>
  </datafield>
  <datafield tag="899" ind1=" " ind2=" ">
    <subfield code="a">Biblioteca centrale dell&apos;Universit ̉degli studi di Perugia. Perugia</subfield>
    <subfield code="z">MUTILO</subfield>
    <subfield code="1">PG0251</subfield>
    <subfield code="2">ZPG 08</subfield>
  </datafield>
  <datafield tag="899" ind1=" " ind2=" ">
    <subfield code="a">Biblioteca centrale dell&apos;Area umanistica dell&apos;Universit ̉degli studi di Urbino. Urbino</subfield>
    <subfield code="1">PU0206</subfield>
    <subfield code="2">URB AU</subfield>
  </datafield>
  <datafield tag="899" ind1=" " ind2=" ">
    <subfield code="a">Biblioteca universitaria. Pavia</subfield>
    <subfield code="z">MUTILO</subfield>
    <subfield code="1">PV0291</subfield>
    <subfield code="2">MIL UP</subfield>
  </datafield>
  <datafield tag="899" ind1=" " ind2=" ">
    <subfield code="a">Biblioteca comunale Manfrediana. Faenza</subfield>
    <subfield code="z">MUTILO</subfield>
    <subfield code="1">RA0016</subfield>
    <subfield code="2">RAV FA</subfield>
  </datafield>
  <datafield tag="899" ind1=" " ind2=" ">
    <subfield code="a">Biblioteca comunale Classense. Ravenna</subfield>
    <subfield code="z">MUTILO</subfield>
    <subfield code="1">RA0036</subfield>
    <subfield code="2">RAV CL</subfield>
  </datafield>
  <datafield tag="899" ind1=" " ind2=" ">
    <subfield code="a">Biblioteca del Capitolo della Cattedrale. Reggio Emilia</subfield>
    <subfield code="1">RE0046</subfield>
    <subfield code="2">ZRE 01</subfield>
  </datafield>
  <datafield tag="899" ind1=" " ind2=" ">
    <subfield code="a">Biblioteca del Centro ricerche per la storia dell&apos;alto Lazio. Morlupo</subfield>
    <subfield code="1">RM0064</subfield>
    <subfield code="2">RMS Q9</subfield>
  </datafield>
  <datafield tag="899" ind1=" " ind2=" ">
    <subfield code="a">Biblioteca nazionale centrale. Roma</subfield>
    <subfield code="1">RM0267</subfield>
    <subfield code="2">BVE CR</subfield>
  </datafield>
  <datafield tag="899" ind1=" " ind2=" ">
    <subfield code="a">Biblioteca dell&apos;Accademia Alfonsiana. Roma</subfield>
    <subfield code="z">MUTILO</subfield>
    <subfield code="1">RM0271</subfield>
    <subfield code="2">ZRM 03</subfield>
  </datafield>
  <datafield tag="899" ind1=" " ind2=" ">
    <subfield code="a">Biblioteca Casanatense. Roma</subfield>
    <subfield code="z">MUTILO</subfield>
    <subfield code="1">RM0313</subfield>
    <subfield code="2">RML 07</subfield>
  </datafield>
  <datafield tag="899" ind1=" " ind2=" ">
    <subfield code="a">Biblioteca statale del Monumento nazionale S. Scolastica. Subiaco</subfield>
    <subfield code="1">RM0602</subfield>
    <subfield code="2">BVE SU</subfield>
  </datafield>
  <datafield tag="899" ind1=" " ind2=" ">
    <subfield code="a">Biblioteca comunale degli Intronati. Siena</subfield>
    <subfield code="1">SI0046</subfield>
    <subfield code="2">RT1 QI</subfield>
  </datafield>
  <datafield tag="899" ind1=" " ind2=" ">
    <subfield code="a">Biblioteca comunale. Trento</subfield>
    <subfield code="1">TN0121</subfield>
    <subfield code="2">ZTN 01</subfield>
  </datafield>
  <datafield tag="899" ind1=" " ind2=" ">
    <subfield code="a">Nuova biblioteca pubblica Luigi Fumi. Orvieto</subfield>
    <subfield code="z">MUTILO</subfield>
    <subfield code="1">TR0022</subfield>
    <subfield code="2">UM1 06</subfield>
  </datafield>
  <datafield tag="899" ind1=" " ind2=" ">
    <subfield code="a">Biblioteca dell&apos;Istituto filosofico Aloisianum. Gallarate</subfield>
    <subfield code="z">MUTILO</subfield>
    <subfield code="1">VA0060</subfield>
    <subfield code="2">ZVA 12</subfield>
  </datafield>
  <datafield tag="899" ind1=" " ind2=" ">
    <subfield code="a">Biblioteca civica Bertoliana. Vicenza</subfield>
    <subfield code="z">MUTILO</subfield>
    <subfield code="1">VI0096</subfield>
    <subfield code="2">VIA BE</subfield>
  </datafield>
  <datafield tag="899" ind1=" " ind2=" ">
    <subfield code="a">Biblioteca del Seminario vescovile. Vicenza</subfield>
    <subfield code="z">MUTILO</subfield>
    <subfield code="1">VI0101</subfield>
    <subfield code="2">PBE D1</subfield>
  </datafield>
  <datafield tag="899" ind1=" " ind2=" ">
    <subfield code="a">Biblioteca dei cappuccini. Verona</subfield>
    <subfield code="z">MUTILO</subfield>
    <subfield code="1">VR0178</subfield>
    <subfield code="2">ZVR 10</subfield>
  </datafield>
  <datafield tag="899" ind1=" " ind2=" ">
    <subfield code="a">Biblioteca consorziale di Viterbo. Viterbo</subfield>
    <subfield code="1">VT0116</subfield>
    <subfield code="2">RMS B3</subfield>
  </datafield>
  <datafield tag="899" ind1=" " ind2=" ">
    <subfield code="a">Biblioteca diocesana. Viterbo</subfield>
    <subfield code="z">MUTILO</subfield>
    <subfield code="1">VT0125</subfield>
    <subfield code="2">PBE 68</subfield>
  </datafield>
  <datafield tag="911" ind1=" " ind2=" ">
    <subfield code="a">Sui front.</subfield>
    <subfield code="9">IT\ICCU\CNCM\000067</subfield>
  </datafield>
  <datafield tag="921" ind1=" " ind2=" ">
    <subfield code="a">IT\ICCU\CNCM\000067</subfield>
    <subfield code="b">Speranza (donna rivolta verso il sole circondata da bauli casse e altri oggetti).</subfield>
    <subfield code="e">1) Beatus vir, cuius est Dominus spes eius: &amp; non respexit in vanitates, &amp; insanias falsas.</subfield>
    <subfield code="c">Z1127</subfield>
    <subfield code="d">Dimensioni: 4,5 x 5,5. Uguale a Z1126 ma con motto in latino.</subfield>
    <subfield code="f">BEATUSVIRC</subfield>
    <subfield code="f">SOLE</subfield>
    <subfield code="f">SPERANZA</subfield>
    <subfield code="g">1546-1560</subfield>
  </datafield>
</record>
</collection>
